@manual{riscv-docs,
    title     = {The RISC-V Instruction Set Manual, Volume I: User-Level ISA},
    author    = {Andrew Waterman and Krste Asanovi\'{c}},
    organization = {RISC-V Foundation},
    year      = {2017},
    month     = {6},
    version   = {2.2},
    note      = {Document Version 2.2},
}

@manual{risc-vs-cisc,
    title     = {RISC and CISC},
    author    = {Farhat Masood},
    organization = {College of electrical and machianical engineering, national university of sciences and technology}
}

@manual{mips-isa,
    title     = {MIPS instruction set},
    author    = {gasparetto},
    organization = {Department of Environmental Sciences, Computer Science and Statistics, Ca'Foscari University of Venice}
}

@manual{mips-pseudo-instructions,
    title     = {MIPS Pseudo-Instructions},
    author    = {Bob Matthews},
    organization = {Department of Computer Science, Truman State University},
    year      = {2019},
    month     = {11},
}

@online{lmc,
    author = {Peter Higginson},
    title = {Little Man Computer},
    url = {https://www.peterhigginson.co.uk/LMC/},
    urldate = {2024-10-02}
}

@online{mars-simulator,
    author = {Ken Vollmar},
    title = {MARS MIPS simulator},
    url = {https://courses.missouristate.edu/KenVollmar/MARS/},
    urldate = {2024-10-02},
}

@online{godbolt,
    author = {Matt GodBolt},
    title = {GodBolt Compiler Explorer},
    url = {https://godbolt.org/},
    urldate = {2024-10-02},
}
